2003 3340
260 126 310 163 34
780 140 812 163 ω.
846 139 986 163 vienziu
1018 137 1068 162 ET
1101 138 1130 162 υ.
1163 138 1199 161 A.
1233 133 1440 162 SACCARDO

370 249 628 299 Uordyceps
664 249 1063 302 Koningsbergeri
1095 251 1213 287 Penz.
1244 252 1285 287 et
1317 250 1426 287 Sacc.
1459 261 1495 286 n.
1528 261 1584 298 sp.

316 328 523 365 Stromata
553 329 866 379 griseo-albida,
897 328 1093 372 solitaria,
1126 327 1188 365 vel
1220 328 1353 364 rarius
1382 327 1592 375 complura
1622 338 1667 363 ex
1699 326 1838 363 eodem
1871 338 1956 364 cor-

260 417 356 456 pore
386 406 703 456 prorumpentia.
739 406 871 455 Stipes
900 403 1365 455 cylindrico-filiformis,
1397 403 1837 448 intricato-fiexuosus,
1869 404 1957 454 gla-

260 485 344 529 ber,
377 496 500 533 usque
531 484 580 522 ad
609 484 706 523 8-10
735 485 900 522 centim.
931 484 1050 533 long„
1075 484 1091 521 1
1126 496 1220 521 mm.
1251 495 1387 532 crass,
1417 485 1551 528 tenax,
1583 484 1752 532 griseus.
1782 482 1954 523 Clavula

264 560 319 613 (in
352 562 640 611 speciminibus
663 560 936 611 juvenilibus)
967 574 989 599 a
1019 561 1158 611 stipite
1190 561 1256 599 vix
1276 561 1483 606 distincta,
1506 559 1952 610 cylindrico-fusoidea‚

262 642 399 685 acuta,
431 640 578 685 laevis,
609 639 677 677 7-8
707 653 799 677 mm.
831 639 972 689 longa,
1008 640 1068 684 1‚5
1104 652 1197 677 mm.
1231 651 1378 677 crassa.
1415 639 1648 677 Perithecia
1680 639 1844 677 omnino
1875 639 1953 677 im-

264 730 407 764 mersa,
438 718 595 756 ostiolis
626 719 733 756 haud
763 718 1099 768 prominentibus,
1131 718 1353 768 sphaerica,
1378 717 1549 758 120-150
1578 726 1618 767 μ.
1645 717 1768 756 diam.
1791 718 1885 756 Asci
1916 720 1956 756 et

264 809 404 847 sporae
434 798 474 835 in
507 797 796 848 speciminibus
826 797 1060 835 immaturis
1091 797 1198 834 haud
1230 798 1354 835 visae.
1416 849 1418 852 .

318 881 423 918 Hab.
456 881 496 917 in
528 880 720 930 nymphis
757 880 945 917 Teo-mitiss
967 891 1035 928 sp„
1057 878 1281 928 epidemica
1301 881 1341 915 et
1362 876 1697 927 frequentissima
1720 879 1759 915 in
1782 877 1954 926 quadam

267 959 496 996 Termitum
529 958 699 1002 colonia,
730 969 868 995 omnes
898 956 983 993 fere
1015 957 1189 994 incolaes
1220 968 1404 999 enecans,
1435 957 1697 1006 Buitenzorg.

321 1035 441 1072 Dedit
462 1034 670 1084 complura
691 1034 916 1084 specimina
945 1035 1120 1083 optimus
1151 1034 1261 1071 Doct.
1296 1034 1324 1070 1.
1346 1033 1388 1070 C.
1411 1033 1754 1084 Koningsberger,
1776 1033 1841 1070 cui
1871 1045 1960 1082 spe-

266 1113 367 1150 ciem
391 1112 567 1150 dicatam
592 1112 790 1149 volumus.
824 1112 968 1149 Affinis
990 1112 1153 1149 videtur
1175 1112 1213 1148 C.
1237 1112 1579 1160 myrmecoph{lae
1601 1111 1684 1148 Ces.
1708 1111 1776 1148 sed
1797 1111 1960 1149 diversa

267 1190 410 1234 colore,
442 1192 603 1227 statura
633 1191 801 1239 majore,
830 1189 948 1227 clava
977 1189 1158 1227 acutiore
1188 1192 1260 1226 etc.

377 1265 422 1306 O.
451 1266 771 1306 atrobrunnea
802 1267 920 1304 Penz.
952 1269 991 1304 et
1022 1267 1134 1304 Sacc.
1166 1279 1220 1316 sp.
1251 1279 1287 1304 n.

327 1345 489 1383 Stroma
519 1346 852 1389 atrobrunneum,
884 1345 1112 1383 solitarium
1145 1358 1192 1382 ex
1223 1345 1436 1382 abdomine
1457 1345 1667 1382 larvarum
1699 1345 1960 1394 Lepidopteri

270 1425 478 1462 cuiusdam
514 1425 553 1461 in
585 1423 696 1461 terra
725 1424 990 1473 sepultarum.
1022 1423 1155 1472 Stipes
1184 1423 1451 1473 cylindricus‚
1487 1424 1696 1468 robustus,
1733 1426 1961 1467 tortuosus,

269 1503 422 1552 glaber,
454 1502 582 1540 laevis
613 1502 676 1539 vel
709 1502 802 1539 hinc
835 1502 927 1539 inde
958 1501 1252 1550 squamulosus,
1284 1501 1466 1551 simplex,
1497 1501 1604 1549 7-7,5
1633 1501 1796 1538 centim.
1832 1501 1962 1551 long,

269 1579 379 1624 225
409 1592 502 1616 mm.
525 1592 578 1616 cr.
611 1569 784 1617 Clavula
804 1579 1046 1623 terminalis,
1068 1579 1306 1628 cylindrica,
1340 1579 1401 1616 vel
1434 1579 1622 1622 incurva,
1655 1579 1793 1628 stipite
1823 1577 1958 1627 paullo

269 1657 453 1702 crassior,
476 1657 732 1706 longiuscula
763 1656 827 1708 (35
858 1656 958 1693 mill.
989 1657 1108 1706 long„
1129 1656 1152 1694 3
1175 1656 1276 1693 mill.
1297 1656 1460 1705 crassa),
1483 1656 1642 1704 oblique
1665 1656 1830 1701 inserta,
1850 1656 1960 1705 apice

271 1738 409 1778 acuto,
441 1734 571 1772 sterili
603 1735 809 1784 praedita.
842 1735 1156 1784 peritheciorum
1188 1734 1341 1772 ostiolis
1372 1734 1439 1771 vix
1470 1734 1793 1783 prominentibus
1823 1733 1961 1784 nigro-

271 1812 521 1861 punctulata.
569 1812 799 1849 Peritliecia
844 1813 1200 1854 numerosissima,
1245 1813 1408 1849 omnino
1454 1812 1632 1856 inserta,
1677 1813 1789 1849 recta
1827 1809 1960 1862 (haud

271 1889 462 1939 obliqua),
493 1890 679 1940 oblonga,
709 1890 821 1938 apice
842 1891 1067 1937 attenuato,
1088 1888 1262 1929 330-370
1280 1905 1302 1923 e
1323 1889 1494 1927 llo-145
1515 1900 1554 1939 μ,
1577 1890 1671 1926 Asci
1694 1889 1959 1939 cylindracei,

275 1967 619 2012 140-175v4-4,5.
653 1967 803 2015 Sporae
834 1967 1056 2011 filiformes,
1089 1967 1344 2011 articulatae,
1379 1966 1625 2005 130-140x1
1657 1977 1697 2017 μ,

326 2045 369 2081 In
400 2045 529 2082 larvis
561 2046 921 2094 Lepc‘dopterornm
952 2044 1133 2093 sepultis,
1168 2044 1360 2093 Tjibodas
1390 2043 1554 2094 (martio
1589 2043 1715 2092 1897).

326 2121 479 2158 Habitu
511 2121 697 2158 nonnihil
727 2122 882 2158 accedit
912 2122 959 2159 ad
986 2121 1024 2158 C.
1047 2123 1253 2159 Rohcrtsz'z'
1273 2120 1343 2170 (z
1361 2121 1399 2158 C.
1424 2120 1635 2170 Ilicecsele'i)
1657 2123 1697 2158 et
1718 2121 1766 2158 ad
1791 2122 1829 2158 C.
1860 2122 1966 2158 Βαν-

273 2201 379 2236 wesz'z'
405 2198 566 2249 (Cooke.
598 2200 741 2250 Veget.
772 2200 932 2248 WVasps,
963 2199 1028 2249 fig.
1060 2199 1111 2237 29
1142 2202 1181 2236 et
1202 2200 1282 2236 tab.
1315 2200 1344 2242 Ι,
1378 2199 1443 2247 fig.
1474 2198 1527 2249 2),
1560 2204 1736 2236 ceterum
1774 2198 1962 2247 plurimis

276 2277 380 2314 notis
408 2277 583 2314 diversa.
618 2276 798 2313 Medulla
828 2277 1037 2314 stromatis
1067 2279 1287 2325 compacta,
1319 2276 1546 2323 uniformis,
1577 2276 1691 2313 fibris
1722 2276 1855 2320 rectis,
1880 2275 1966 2313 lon-

275 2353 584 2402 gitudinalibus,
616 2353 896 2391 subtilissimis
926 2356 1124 2390 contexta.

385 2429 429 2468 G.
460 2429 707 2468 deflectens
739 2430 855 2467 Penz.
888 2434 927 2467 et
960 2430 1070 2467 Sacc.
1102 2442 1158 2480 sp.
1189 2443 1225 2467 n.

331 2508 494 2544 Stroma
522 2507 717 2550 albidum,
754 2507 983 2544 solitarium
1024 2520 1068 2544 ex
1111 2519 1186 2545 ano
1228 2508 1436 2545 larvarum
1479 2508 1837 2557 Lepidopteroruin
1877 2519 1967 2559 pro-

277 2595 478 2632 rumpens.
521 2584 654 2632 Stipes
693 2586 863 2631 erectus,
897 2584 1113 2627 flexuosus,
1146 2596 1356 2627 carnosus,
1388 2597 1559 2634 superne
1591 2586 1857 2628 incrassatus,
1889 2584 1965 2621 ali—

279 2663 472 2707 quantum
499 2660 738 2709 irregularis
765 2664 804 2697 et
829 2674 1087 2710 compressus,
1112 2665 1290 2711 squamis
1311 2663 1374 2700 vel
1396 2664 1685 2713 appendicibus
1708 2662 1966 2700 filiformibus

281 2738 456 2774 carnosis
498 2738 588 2773 liinc
634 2738 724 2774 inde
766 2738 1008 2787 instinctus,
1039 2740 1208 2777 subinde
1239 2752 1431 2777 ramosus.
1472 2740 1704 2788 Capitulum
1748 2741 1787 2777 in
1829 2740 1966 2789 stipite

283 2815 342 2850 x'cl
378 2815 414 2850 in
448 2816 536 2851 eius
569 2816 738 2851 ramulis
762 2817 990 2856 terminale,
1021 2818 1241 2855 clavatum,
1273 2818 1472 2854 obtusum.
1497 2818 1664 2854 subinde
1688 2818 1799 2865 apice
1831 2817 1964 2860 bifido,
