2003 3340
147 1112 309 1148 Interea
329 1111 423 1148 dum
448 1122 519 1160 per
537 1113 714 1159 quatuor
735 1110 900 1147 circiter
922 1121 1078 1146 menses
1099 1109 1175 1159 (⁴23.
1199 1108 1302 1146 Nov.
1326 1107 1425 1147 1896
1445 1130 1469 1136 -
1496 1109 1526 1146 l.
1549 1110 1644 1157 Apr.
1671 1107 1785 1158 1897)

93 1189 133 1227 in
164 1190 267 1226 Java
297 1188 429 1226 insula
460 1188 761 1232 commorabar,
802 1187 985 1225 novitate
1024 1187 1098 1224 loci
1130 1189 1171 1223 et
1200 1186 1433 1236 plantarum
1466 1186 1631 1224 luxuria
1664 1199 1781 1236 quam

94 1267 268 1305 maxime
298 1267 534 1311 oblectatus,
566 1266 694 1304 nihilo
717 1266 852 1304 minus
874 1265 921 1303 ad
944 1264 1208 1302 humiliorum
1241 1263 1459 1315 fungorum
1483 1264 1651 1302 classem
1676 1274 1787 1302 nien-

93 1345 173 1380 tem
205 1342 361 1392 appuli,
395 1344 436 1379 et
464 1343 704 1391 praesertim
737 1341 785 1379 ad
818 1342 1132 1391 Micromycetes
1155 1341 1382 1390 Javanicos,
1404 1341 1611 1389 hucusque
1643 1352 1784 1390 parum

92 1421 288 1470 cognitos,
317 1419 585 1468 exquirendos
616 1422 700 1456 toto
730 1419 866 1456 animo
895 1421 935 1456 et
964 1430 1086 1468 opera
1116 1430 1179 1455 me
1210 1417 1399 1467 applicui.
1432 1418 1474 1455 In
1501 1418 1653 1455 crebris
1674 1430 1787 1467 pere-

93 1497 394 1547 grinationibus
415 1509 486 1547 per
515 1497 676 1534 hortum
709 1497 942 1534 botanicum
976 1496 1262 1546 Bogoriensem
1294 1498 1335 1533 et
1364 1496 1404 1533 in
1437 1495 1654 1534 vicinitate
1676 1496 1787 1533 urbis

94 1574 343 1624 Buitenzorg
372 1572 507 1624 (prope
538 1574 689 1623 Depok,
720 1574 826 1611 Kota
854 1574 990 1615 Batoe.
1021 1574 1149 1611 Batoe
1172 1573 1321 1622 Toelis‚
1343 1573 1383 1610 in
1406 1573 1544 1610 Monte
1569 1572 1725 1624 Salak),
1747 1576 1787 1610 et

93 1650 308 1701 praecipue
329 1650 422 1688 dum
445 1651 700 1688 subsidebant)
729 1651 770 1688 in
801 1651 1086 1688 amoenissimo
1117 1650 1201 1687 loco
1231 1650 1339 1687 dicto
1371 1649 1576 1699 Tjibodas,
1608 1649 1788 1687 maxima

94 1739 185 1765 cum
215 1727 432 1777 diligentia
461 1727 605 1778 collegi
642 1730 848 1778 mycetnm
886 1739 1075 1778 magnam
1112 1727 1292 1776 copiam,
1321 1739 1420 1775 quos
1449 1727 1686 1764 exsiccando
1723 1727 1787 1764 vel

94 1803 176 1842 alio
211 1805 337 1849 modo,
372 1805 592 1843 secundum
632 1805 787 1843 variam
823 1805 1048 1855 specierum
1089 1806 1304 1849 naturam,
1335 1805 1384 1842 ad
1417 1804 1616 1843 ulteriora
1653 1804 1790 1842 studia

95 1883 348 1932 praeparavi.

147 1958 247 1997 Cum
282 1959 459 2009 optimus
499 1960 656 1998 amicus
686 1960 730 1997 P.
761 1962 807 1998 A.
842 1960 1062 2005 Saccardo,
1101 1962 1264 2010 praeter
1304 1971 1443 1998 omnes
1482 1960 1523 1997 in
1563 1959 1782 2010 fungorum

94 2036 227 2074 studio
258 2038 445 2074 versatus
474 2048 520 2074 ac
549 2037 808 2082 exercitatus,
840 2037 887 2074 ad
918 2049 1174 2075 communem
1200 2049 1363 2086 operam
1386 2037 1670 2081 consensisset,
1701 2048 1787 2086 spe—

94 2114 247 2153 cimina
275 2114 439 2165 egregie
470 2117 634 2153 servata
663 2114 885 2166 diligenter
905 2116 1248 2164 examinavimus,
1277 2127 1324 2153 ac
1352 2115 1529 2165 primum
1561 2115 1784 2165 specierum

94 2204 293 2231 novarum
326 2192 579 2242 manipulum
612 2193 731 2231 hodie
760 2193 938 2231 libenter
966 2193 1158 2232 studiosis
1187 2193 1409 2231 offerimus.

148 2269 276 2314 Quam
308 2270 490 2320 proxime
519 2270 697 2308 secunda
726 2270 864 2315 series,
887 2270 1063 2320 reliquos
1087 2271 1430 2321 Pyrenomycetes
1458 2274 1694 2319 ceterosque
1717 2272 1791 2308 mi-

94 2349 346 2397 cromycetes
374 2347 663 2397 complectens,
692 2348 731 2385 in
754 2347 885 2385 lucem
919 2348 1115 2397 pro(libit;
1147 2350 1187 2386 et
1215 2348 1345 2386 serius
1374 2347 1529 2386 formae
1561 2359 1689 2385 novae
1726 2347 1790 2384 vel

95 2423 359 2462 notabiliores
388 2425 576 2462 iconibus
605 2437 650 2462 ac
682 2425 952 2475 descriptione
983 2425 1180 2474 ampliore
1211 2425 1541 2464 illustrabuntur.

1488 2582 1531 2618 O.
1564 2582 1726 2619 pamm.
